@techreport{heberlein1989network,
  title={A network security monitor},
  author={Heberlein, L Todd and Dias, Gihan V and Levitt, Karl N and Mukherjee, Biswanath and Wood, Jeff and Wolber, David},
  year={1989},
  institution={Lawrence Livermore National Lab., CA (USA); California Univ., Davis, CA (USA~â€¦}
}

@article{taylor2002methodologies,
  title={Methodologies and website development: a survey of practice},
  author={Taylor, Mark John and McWilliam, J and Forsyth, H and Wade, S},
  journal={Information and software technology},
  volume={44},
  number={6},
  pages={381--391},
  year={2002},
  publisher={Elsevier}
}